<record xmlns='http://www.loc.gov/MARC21/slim'><leader>01765cgm a2200373 a 4500</leader><controlfield tag='001'>2664922</controlfield><controlfield tag='005'>20141208223835.0</controlfield><controlfield tag='007'>vf|cbahou</controlfield><controlfield tag='008'>950421s1988    xxu410 e          vleng d</controlfield><datafield ind1=' ' ind2=' ' tag='035'><subfield code='a'>(NIC)notisANE5913</subfield></datafield><datafield ind1=' ' ind2=' ' tag='035'><subfield code='a'>(OCoLC)63877455</subfield></datafield><datafield ind1=' ' ind2=' ' tag='035'><subfield code='a'>2664922</subfield></datafield><datafield ind1=' ' ind2=' ' tag='040'><subfield code='a'>NIC</subfield><subfield code='c'>NIC</subfield></datafield><datafield ind1='0' ind2='0' tag='245'><subfield code='a'>Afro-American &amp; white women conference</subfield><subfield code='h'>[videorecording] /</subfield><subfield code='c'>[Africana Studies and Research Center, Cornell University].</subfield></datafield><datafield ind1='3' ind2='0' tag='246'><subfield code='a'>Afro-American and white women conference</subfield></datafield><datafield ind1=' ' ind2=' ' tag='260'><subfield code='c'>[1988]</subfield></datafield><datafield ind1=' ' ind2=' ' tag='300'><subfield code='a'>5 videocassettes (410 min.) :</subfield><subfield code='b'>sd., col. ;</subfield><subfield code='c'>1/2 in.</subfield></datafield><datafield ind1=' ' ind2=' ' tag='538'><subfield code='a'>VHS.</subfield></datafield><datafield ind1=' ' ind2=' ' tag='500'><subfield code='a'>Title from labels on videocassettes.</subfield></datafield><datafield ind1=' ' ind2=' ' tag='518'><subfield code='a'>Videotaped live at Cornell University, Feb. 19-20, 1988.</subfield></datafield><datafield ind1=' ' ind2=' ' tag='520'><subfield code='a'>Conference presentations highlight the role and situation of Afro-American and white American women in today&apos;s world. Presentations include lectures, readings, singing, and drama, and deal with issues of race, class, gender and sexuality.</subfield></datafield><datafield ind1=' ' ind2=' ' tag='500'><subfield code='a'>&quot;252a-252e.&quot;</subfield></datafield><datafield ind1='1' ind2=' ' tag='505'><subfield code='a'>Violence / Rebecca Rice, Barbara Smith -- Work / Minnie Bruce Pratt, Cathy Valentino -- Naming our histories II / Peggy Haine, Faith Nolan -- Family / Sandra Pollack, Rebecca Rice -- Culture, community, and organizing. Sexuality.</subfield></datafield><datafield ind1=' ' ind2='0' tag='650'><subfield code='a'>Women</subfield><subfield code='x'>Congresses.</subfield></datafield><datafield ind1=' ' ind2='0' tag='650'><subfield code='a'>Women, Black</subfield><subfield code='x'>Congresses.</subfield></datafield><datafield ind1=' ' ind2='0' tag='650'><subfield code='a'>Women, White</subfield><subfield code='x'>Congresses.</subfield></datafield><datafield ind1=' ' ind2='7' tag='650'><subfield code='a'>Women</subfield><subfield code='2'>fast</subfield><subfield code='0'>(OCoLC)fst01176568</subfield></datafield><datafield ind1=' ' ind2='7' tag='650'><subfield code='a'>Women, Black</subfield><subfield code='2'>fast</subfield><subfield code='0'>(OCoLC)fst01178916</subfield></datafield><datafield ind1=' ' ind2='7' tag='650'><subfield code='a'>Women, White</subfield><subfield code='2'>fast</subfield><subfield code='0'>(OCoLC)fst01199568</subfield></datafield><datafield ind1=' ' ind2='7' tag='655'><subfield code='a'>Conference proceedings</subfield><subfield code='2'>fast</subfield><subfield code='0'>(OCoLC)fst01423772</subfield></datafield><datafield ind1='2' ind2=' ' tag='710'><subfield code='a'>Cornell University.</subfield><subfield code='b'>Africana Studies and Research Center.</subfield></datafield><datafield ind1=' ' ind2=' ' tag='905'><subfield code='a'>19950714120000.0</subfield></datafield><datafield ind1='2' ind2=' ' tag='948'><subfield code='a'>20040621</subfield><subfield code='b'>a</subfield><subfield code='d'>pl233</subfield><subfield code='e'>lts</subfield></datafield><datafield ind1='2' ind2=' ' tag='948'><subfield code='a'>20141208</subfield><subfield code='b'>m</subfield><subfield code='d'>batch</subfield><subfield code='e'>lts</subfield><subfield code='x'>addfast</subfield></datafield></record>